%% This BibTeX bibliography file was created using BibDesk.
%% http://bibdesk.sourceforge.net/

%% Created for T47 at 2018-01-29 22:37:48 +0900 


%% Saved with string encoding Unicode (UTF-8) 

@article{WebParaNews:2014,
  author = {中條清美 and 西垣知佳子 and アントニ・ローレンス},
  title = {フリーウェア{W}eb{P}ara{N}ewsオンライン・コンコーダンサーの英語授業における活用},
  journal = {日本大学生産工学部研究報告 B (文系)},
  volume = {47},
  pages = {49--63},
  year = {2014},
}
@inproceedings{corpusworkshop:2012,
  author = {小木曽智信 and 中村壮範},
  title = {通時コーパス用『中納言』: Web ベースの古典語コンコーダンサー},
  booktitle = {第2回コーパス日本語学ワークショップ},
  year = {2012},
}

@inproceedings{struAP:2017,
	Author = {Kohsuke Yanai and Misa Sato and Toshihiko Yanase and Kenzo Kurotsuchi and Yuta Koreeda, Yoshiki Niwa},
	Booktitle = {Proceedings of the 2017 Conference on Empirical Methods in Natural Language          Processing: System Demonstrations},
	Pages = {31--36},
	Title = {Stru{A}P: A Tool for {B}undling {L}inguistic {T}rees through {S}tructure-based {A}bstract {P}attern},
	Year = {2017},
	}

@mastersthesis{okada:2022,
	Author = {岡田魁人},
	Title = {Blocklyを利用した言語パタンマッチシステム{ASAGAO}の構築},
    School = {岡山大学大学院自然科学研究科},
	type = "修士論文",
    Year = {2022},
	}

@mastersthesis{ogasawara:2022,
	Author = {小笠原崇},
	Title = {意味役割付与テキストに対する{P}rologパタンマッチシステムの構築},
    School = {岡山大学大学院自然科学研究科},
	type = "修士論文",
    Year = {2022},
}



